@inproceedings{viinikka:2020a,
  author    = {Jussi Viinikka and
               Antti Hyttinen and
               Johan Pensar and
               Mikko Koivisto},
  title     = {Towards Scalable Bayesian Learning of Causal DAGs},
  booktitle = {NeurIPS 2020},
  year      = {in press}
}

@inproceedings{pensar:2020,
  author    = {Johan Pensar and Topi Talvitie and Antti Hyttinen and
               Mikko Koivisto},
  title     = {A {B}ayesian Approach for Estimating Causal Effects from Observational Data},
  booktitle = {The Thirty-Fourth {AAAI} Conference on Artificial Intelligence, {AAAI}
               2020},
  year      = {2020},
  publisher = {AAAI Press}
}

@article{kuipers:2014,
  title = {Addendum on the Scoring of {{Gaussian}} Directed Acyclic Graphical Models},
  author = {Kuipers, Jack and Moffa, Giusi and Heckerman, David},
  year = {2014},
  month = aug,
  volume = {42},
  pages = {1689--1691},
  issn = {0090-5364},
  doi = {10.1214/14-AOS1217},
  archivePrefix = {arXiv},
  eprint = {1402.6863},
  eprinttype = {arxiv},
  journal = {The Annals of Statistics},
  keywords = {Statistics - Machine Learning},
  number = {4}
}

@article{griffin:2006,
  title = {Principal Minors, {{Part I}}: {{A}} Method for Computing All the Principal Minors of a Matrix},
  shorttitle = {Principal Minors, {{Part I}}},
  author = {Griffin, Kent and Tsatsomeros, Michael J.},
  year = {2006},
  month = nov,
  volume = {419},
  pages = {107--124},
  issn = {0024-3795},
  doi = {10.1016/j.laa.2006.04.008},
  journal = {Linear Algebra and its Applications},
  keywords = {P-matrix,P-problem,Principal submatrix,Schur complement},
  language = {en},
  number = {1}
}
